<record><leader>00000cas a2200000 a 4500</leader><controlfield tag="001">24616277</controlfield><controlfield tag="008">911024d18831uuuilucr ne      0   a0eng c</controlfield><datafield ind1=" " ind2=" " tag="010"><subfield code="a">sn 91054710 </subfield></datafield><datafield ind1=" " ind2=" " tag="040"><subfield code="a">NVF</subfield><subfield code="b">eng</subfield><subfield code="c">NVF</subfield><subfield code="d">OCLCQ</subfield><subfield code="d">NVF</subfield><subfield code="d">OCLCF</subfield><subfield code="d">OCLCO</subfield></datafield><datafield ind1="1" ind2=" " tag="029"><subfield code="a">AU@</subfield><subfield code="b">000025874599</subfield></datafield><datafield ind1=" " ind2=" " tag="042"><subfield code="a">pcc</subfield></datafield><datafield ind1=" " ind2=" " tag="043"><subfield code="a">n-us-il</subfield></datafield><datafield ind1="0" ind2="0" tag="245"><subfield code="a">Beardstown Illinoian.</subfield></datafield><datafield ind1="1" ind2="3" tag="246"><subfield code="a">Semi-weekly Illinoian</subfield><subfield code="b">Sept. 30, 1884-&lt;1895&gt;</subfield></datafield><datafield ind1="3" ind2=" " tag="246"><subfield code="a">Semi weekly Illinoian</subfield></datafield><datafield ind1="3" ind2=" " tag="246"><subfield code="a">Semiweekly Illinoian</subfield></datafield><datafield ind1=" " ind2=" " tag="260"><subfield code="a">Beardstown, Ill. :</subfield><subfield code="b">[s.n.]</subfield></datafield><datafield ind1=" " ind2=" " tag="300"><subfield code="a">v.</subfield></datafield><datafield ind1=" " ind2=" " tag="310"><subfield code="a">Semiweekly,</subfield><subfield code="b">Sept. 30, 1884-&lt;Oct. 23, 1895&gt;</subfield></datafield><datafield ind1=" " ind2=" " tag="321"><subfield code="a">Weekly,</subfield><subfield code="b">&lt;Nov. 17, 1883&gt;-Sept. 25, 1884</subfield></datafield><datafield ind1="1" ind2=" " tag="362"><subfield code="a">Began in 1883.</subfield></datafield><datafield ind1=" " ind2=" " tag="580"><subfield code="a">Merged with: Evening star (Beardstown, Ill.), to form: Illinoian-star (Beardstown, Ill. : Daily).</subfield></datafield><datafield ind1=" " ind2=" " tag="588"><subfield code="a">Description based on: Vol. 27, no. 4 (Nov. 17, 1883).</subfield></datafield><datafield ind1=" " ind2=" " tag="588"><subfield code="a">Latest issue consulted: Oct. 23, 1895.</subfield></datafield><datafield ind1=" " ind2="0" tag="651"><subfield code="a">Beardstown (Ill.)</subfield><subfield code="v">Newspapers.</subfield></datafield><datafield ind1=" " ind2="7" tag="655"><subfield code="a">Newspapers.</subfield><subfield code="2">fast</subfield><subfield code="0">(OCoLC)fst01423814</subfield></datafield><datafield ind1=" " ind2="7" tag="651"><subfield code="a">Illinois</subfield><subfield code="z">Beardstown.</subfield><subfield code="2">fast</subfield><subfield code="0">(OCoLC)fst01265827</subfield></datafield><datafield ind1=" " ind2=" " tag="752"><subfield code="a">United States</subfield><subfield code="b">Illinois</subfield><subfield code="c">Cass</subfield><subfield code="d">Beardstown.</subfield></datafield><datafield ind1="0" ind2="0" tag="780"><subfield code="t">Illinoian-Democrat</subfield><subfield code="w">(DLC)sn 91054709</subfield><subfield code="w">(OCoLC)24616141</subfield></datafield><datafield ind1="1" ind2="7" tag="785"><subfield code="t">Evening star (Beardstown, Ill.)</subfield><subfield code="w">(DLC)sn 91054712</subfield><subfield code="w">(OCoLC)24616320</subfield></datafield><datafield ind1="1" ind2="7" tag="785"><subfield code="t">Illinoian-star (Beardstown, Ill. : Daily)</subfield><subfield code="w">(DLC)sn 91054717</subfield><subfield code="w">(OCoLC)24615279</subfield></datafield></record>